@article{alchiandemsetz1972,
  title={Production, information costs, and economic organization},
  author={Alchian, Armen A and Demsetz, Harold},
  journal={The American economic review},
  volume={62},
  number={5},
  pages={777--795},
  year={1972},
  publisher={JSTOR}
}

@article{bankercharnescooper1984,
  title={Some models for estimating technical and scale inefficiencies in data envelopment analysis},
  author={Banker, Rajiv D and Charnes, Abraham and Cooper, William Wager},
  journal={Management science},
  volume={30},
  number={9},
  pages={1078--1092},
  year={1984},
  publisher={INFORMS}
}

@article{bittencourtbressan2018,
  title={Efici{\^e}ncia em cooperativas de cr{\'e}dito--2009 a 2014},
  author={Bittencourt, Wanderson Rocha and Bressan, Val{\'e}ria Fully Gama},
  journal={Revista de Extens{\~a}o e Estudos Rurais},
  volume={7},
  number={1},
  pages={252--276},
  year={2018}
}

@article{bressanbragabressan2010,
  title={Uma proposta de indicadores cont{\'a}beis aplicados {\`a}s cooperativas de cr{\'e}dito brasileiras},
  author={Bressan, Val{\'e}ria Gama Fully and Braga, Marcelo Jos{\'e} and Bressan, Aureliano Angel and de Andrade Resende Filho, Mois{\'e}s},
  journal={Revista Contabilidade e Controladoria},
  volume={2},
  number={3},
  year={2010}
}

@book{burigo1997,
  title={Cooperativa de cr{\'e}dito rural: como criar e administrar com a comunidade},
  author={Burigo, Fabio Luiz and Flach, Affonso Bulc{\~a}o},
  year={1997},
  publisher={Secretaria de Desenvolvimento Rural/Projeto Novas Fronteiras de Cooperacao~â€¦}
}

@techreport{charnescooperrhodes1978,
  title={A Data Envelopment Analysis Approach to Evaluation of the Program Follow through Experiment in US Public School Education.},
  author={Charnes, Abraham and Cooper, William Wager and Rhodes, E},
  year={1978},
  institution={Carnegie-Mellon Univ Pittsburgh Pa Management Sciences Research Group}
}

@article{chen2001,
  title={An estimation of X-inefficiency in Taiwan's banks},
  author={Chen, Tser-Yieth},
  journal={Applied Financial Economics},
  volume={11},
  number={3},
  pages={237--242},
  year={2001},
  publisher={Taylor \& Francis}
}

@article{costachaddadazevedo2012,
  title={Separa{\c{c}}{\~a}o entre propriedade e decis{\~a}o de gest{\~a}o nas cooperativas agropecu{\'a}rias brasileiras},
  author={Costa, Davi Rog{\'e}rio de Moura and Chaddad, Fabio Ribas and Azevedo, Paulo Furquim de},
  journal={Revista de Economia e Sociologia Rural},
  volume={50},
  number={2},
  pages={285--300},
  year={2012},
  publisher={SciELO Brasil}
}

@article{crainzardkoohi1980,
  title={X-inefficiency and nonpecuniary rewards in a rent-seeking society: A neglected issue in the property rights theory of the firm},
  author={Crain, W Mark and Zardkoohi, Asghar},
  journal={The American Economic Review},
  volume={70},
  number={4},
  pages={784--792},
  year={1980},
  publisher={JSTOR}
}

@article{dambroslimafigueiredo2009,
  title={Sistema cooperativo de cr{\'e}dito SICREDI: um estudo da efici{\^e}ncia das cooperativas do Paran{\'a}},
  author={Dambros, Marcelo Andr{\'e} and de Lima, Jandir Ferrera and Figueiredo, Adelson Martins},
  journal={Gest{\~a}o \& Regionalidade},
  volume={25},
  number={74},
  year={2009}
}

@article{ferreiragoncalvesbraga2007,
  title={Investiga{\c{c}}{\~a}o do desempenho das cooperativas de cr{\'e}dito de Minas Gerais por meio da An{\'a}lise Envolt{\'o}ria de Dados (DEA)},
  author={Ferreira, Marco Aur{\'e}lio Marques and Gon{\c{c}}alves, Rosiane Maria Lima and Braga, Marcelo Jos{\'e}},
  journal={Economia Aplicada},
  volume={11},
  number={3},
  pages={425--445},
  year={2007},
  publisher={SciELO Brasil}
}

@article{friedlovelleeckaut1993,
  title={Evaluating the performance of US credit unions},
  author={Fried, Harold O and Lovell, CA Knox and Eeckaut, Philippe Vanden},
  journal={Journal of Banking \& Finance},
  volume={17},
  number={2-3},
  pages={251--265},
  year={1993},
  publisher={Elsevier}
}

@article{friedlovellyaisawarng1999,
  title={The impact of mergers on credit union service provision},
  author={Fried, Harold O and Lovell, CA Knox and Yaisawarng, Suthathip},
  journal={Journal of Banking \& Finance},
  volume={23},
  number={2-4},
  pages={367--386},
  year={1999},
  publisher={Elsevier}
}

@misc{gillan2006,
  title={Recent developments in corporate governance: An overview},
  author={Gillan, Stuart L},
  journal={Journal of corporate finance},
  volume={12},
  number={3},
  pages={381--402},
  year={2006},
  publisher={Elsevier}
}

@book{leibenstein1978,
  title={General X-efficiency theory and economic development},
  author={Leibenstein, Harvey},
  year={1978},
  publisher={Oxford University Press}
}

@article{matiasquagliolimamagnani2014,
  title={Bancos versus cooperativas de cr{\'e}dito: um estudo dos {\'\i}ndices de efici{\^e}ncia e receita da presta{\c{c}}{\~a}o de servi{\c{c}}os entre 2002 e 2012},
  author={Matias, Alberto Borges and Quaglio, Gislaine de Miranda and Lima, Jo{\~a}o Paulo Resende de and Magnani, Vin{\'\i}cius Medeiros},
  journal={RAM. Revista de Administra{\c{c}}{\~a}o Mackenzie},
  volume={15},
  number={5},
  pages={195--223},
  year={2014},
  publisher={SciELO Brasil}
}

@article{milgromroberts1990,
  title={The efficiency of equity in organizational decision processes},
  author={Milgrom, Paul and Roberts, John},
  journal={The American Economic Review},
  volume={80},
  number={2},
  pages={154--159},
  year={1990},
  publisher={JSTOR}
}

@article{parente2003,
  title={O mercado financeiro e a popula{\c{c}}{\~a}o de baixa renda},
  author={Parente, Silvana},
  journal={En: Pobreza e mercados no Brasil: uma an{\'a}lise de iniciativas de pol{\'\i}ticas p{\'u}blicas-Bras{\'\i}lia: CEPAL/DFID, 2003-p. 167-231},
  year={2003}
}

@article{porterscully1987,
  title={Economic efficiency in cooperatives},
  author={Porter, Philip K and Scully, Gerald W},
  journal={The Journal of law and economics},
  volume={30},
  number={2},
  pages={489--512},
  year={1987},
  publisher={The University of Chicago Press}
}

@article{ralstonwrightgarden2001,
  title={Can mergers ensure the survival of credit unions in the third millennium?},
  author={Ralston, Deborah and Wright, April and Garden, Kaylee},
  journal={Journal of Banking \& Finance},
  volume={25},
  number={12},
  pages={2277--2304},
  year={2001},
  publisher={Elsevier}
}

@article{santos2009,
  title={Cooperativa de cr{\'e}dito--S{\'e}rie empreendimentos coletivos (p. 45)},
  author={Santos, CA dos},
  journal={Bras{\'\i}lia: Sebrae},
  year={2009}
}

@article{santosbressanmoreiralima2021,
  title={Risco de cr{\'e}dito e efici{\^e}ncia t{\'e}cnica nas cooperativas de cr{\'e}dito brasileiras},
  author={Santos, Lua Syrma Zaniah and Bressan, Val{\'e}ria Gama Fully and Moreira, Vilmar Rodrigues and LIMA, ROMEU EUG{\^E}NIO DE},
  journal={Cadernos EBAPE. BR},
  volume={18},
  pages={956--973},
  year={2021},
  publisher={SciELO Brasil}
}

@techreport{tabakcraveirocajueiro2010,
  title={Efici{\^e}ncia banc{\'a}ria e inadimpl{\^e}ncia: testes de causalidade},
  author={Tabak, Benjamin M and Craveiro, Giovana L and Cajueiro, Daniel O and others},
  year={2010}
}
